% This file was created with JabRef 2.9.2.
% Encoding: MacRoman

@OTHER{data_exchange,
  author = {Argonne},
  month = oct,
  title = {The data exchange file format},
  url = {https://github.com/data-exchange/data-exchange/},
  year = {2013}
}

@INPROCEEDINGS{Bethel_2011,
  author = {Bethel, E. Wes and Leinweber, David and R\"{u}bel, Oliver and Wu,
	Kesheng},
  title = {Federal market information technology in the post flash crash era:
	roles for supercomputing},
  booktitle = {Proceedings of the fourth workshop on High performance computational
	finance},
  year = {2011},
  series = {WHPCF '11},
  pages = {23--30},
  address = {New York, NY, USA},
  publisher = {ACM},
  acmid = {2088267},
  doi = {10.1145/2088256.2088267},
  isbn = {978-1-4503-1108-3},
  keywords = {JEL codes: c02, d52, d53, g14, VPIN, circuit breakers, flash crash,
	flow toxicity, liquidity, market fragmentation, market microstructure,
	probability of informed trading},
  location = {Seattle, Washington, USA},
  numpages = {8},
  url = {http://doi.acm.org/10.1145/2088256.2088267}
}

@INPROCEEDINGS{decarlo_tsm_2013,
  author = {De Carlo, Francesco and Schwarz, Nicholas and Xiao, Xianghui and
	Fezzaa, Kamel and Wang, Steve and Jacobsen, Chris and Chawla, Nikhilesh
	and Fusseis, Florian},
  title = {Challenges in Data Intensive Science at Synchrotron Based 3D X-Ray
	Imaging Facilities},
  booktitle = {TMS2013 Supplemental Proceedings},
  year = {2013},
  pages = {1183--1190},
  publisher = {Wiley Online Library}
}

@INPROCEEDINGS{schwarz_icalepcs_2013,
  author = {Schwarz, Nicholas and De Carlo, Francesco and Glowacki, Arthur and
	Hammonds, John and Khan, Faisal and Yue, Ke},
  title = {Experiment Control and Analysis for High-Resolution Tomography},
  booktitle = {14th International Conference on Accelerator & Large Experimental Physics Control Systems},
  year = {2013}
}

@INPROCEEDINGS{khan_icalepcs_2013,
  author = {Khan, Faisal and Hammonds, John and Narayanan, Suresh and Sandy, Alec and Schwarz, Nicholas},
  title = {Effective End-to-end Management of Data Acquisition and Analysis for X-ray Photon Correlation Spectroscopy},
  booktitle = {14th International Conference on Accelerator & Large Experimental Physics Control Systems},
  year = {2013}
}

@INPROCEEDINGS{decarlo_unknown_2012,
  author = {De Carlo, Francesco and Xiao, Xianghui and Fezzaa, Kamel and Wang,
	Steve and Schwarz, Nicholas and Jacobsen, Chris and Chawla, Nikhilesh
	and Fusseis, Florian},
  title = {Data intensive science at synchrotron based 3D x-ray imaging facilities},
  year = {2012},
  publisher = {IEEE}
}

@ARTICLE{dougherty_cacm_2009,
  author = {Dougherty, Matthew T and Folk, Michael J and Zadok, Erez and Bernstein,
	Herbert J and Bernstein, Frances C and Eliceiri, Kevin W and Benger,
	Werner and Best, Christoph},
  title = {Unifying Biological Image Formats with {HDF5}},
  journal = {Communications of the ACM},
  year = {2009},
  volume = {52},
  pages = {42--47},
  number = {10},
  month = oct
}

@ARTICLE{eliceiri_nm_2012,
  author = {Eliceiri, Kevin W and Berthold, Michael R and Goldberg, Ilya G and
	Ib{\'a}{\~n}ez, Luis and Manjunath, B S and Martone, Maryann E and
	Murphy, Robert F and Peng, Hanchuan and Plant, Anne L and Roysam,
	Badrinath and Stuurmann, Nico and Swedlow, Jason R and Tomancak,
	Pavel and Carpenter, Anne E},
  title = {Biological imaging software tools},
  journal = {Nature Methods},
  year = {2012},
  volume = {9},
  pages = {697--710},
  number = {7},
  month = jun
}

@OTHER{python_cpp,
  author = {Do\v{g}a G\"{u}rsoy},
  title = {The X-ray Tomography Toolbox},
  url = {https://github.com/tomopy/tomopy/},
  year = {2013}
}

@OTHER{HDF5,
  author = {The-HDF-Group},
  title = {HDF5},
  url = {http://www.hdfgroup.org/HDF5/},
  year = {2013}
}

@ARTICLE{maia_nm_2012,
  author = {Maia, Filipe R N C},
  title = {The Coherent X-ray Imaging Data Bank},
  journal = {Nature Methods},
  year = {2012},
  volume = {9},
  pages = {854--855},
  number = {9},
  month = sep
}

@ARTICLE{medjoubi_jsr_2013,
  author = {Medjoubi, K. and Leclercq, N and Langlois, F and Buteau, A and Le,
	S and Poirier, S and Mercere, P and Sforna, M C and Kewish, Cameron
	M and Somogyi, A},
  title = {Development of fast, simultaneous and multi-technique scanning hard
	X-ray microscopy at {Synchrotron Soleil}},
  journal = {Journal of Synchrotron Radiation},
  year = {2013},
  pages = {1--7},
  month = jan
}

@OTHER{NeXuS,
  author = {NeXuS},
  title = {The NeXuS file format},
  url = {http://www.nexusformat.org/},
  year = {2013}
}

@OTHER{PanData_2013,
  author = {PANdata},
  month = dec,
  title = {UDUNITS},
  url = {http://pan-data.eu/NeXus/},
  year = {2013}
}

@OTHER{PNI_HDRI_2013,
  author = {PNI-HDR},
  month = dec,
  title = {PNI-HDR},
  url = {http://www.pni-hdri.de/},
  year = {2013}
}

@ARTICLE{ravel_jsr_2012,
  author = {Ravel, B and Hester, J R and Sol{\'e}, V A and Newville, M},
  title = {Towards data format standardization for X-ray absorption spectroscopy},
  journal = {Journal of Synchrotron Radiation},
  year = {2012},
  volume = {19},
  pages = {869--874},
  number = {Pt 6},
  month = nov
}

@OTHER{area_detector,
  author = {Mark Rivers},
  title = {EPICS software for area detectors},
  url = {http://cars9.uchicago.edu/software/epics/areaDetector.html},
  year = {2013}
}

@INPROCEEDINGS{schwarz_ictms_2013,
  author = {Schwarz, Nicholas and Khan, Faisal and De Carlo, Francesco and Xiao,
	Xianghui and Fezzaa, Kamel and Wang, Steve and Jacobsen, Chris},
  title = {Data pipeline optimization for synchrotron based 3D X-ray imaging
	facilities},
  booktitle = {International Conference on Tomography of Materials and Structures},
  year = {2013},
  pages = {1--6},
  organization = {Ghent, Belgium}
}

@ARTICLE{sole_sab_2007,
  author = {Sol{\'e}, V A and Papillon, E and Cotte, M and Walter, Ph and Susini,
	J},
  title = {A multiplatform code for the analysis of energy-dispersive X-ray
	fluorescence spectra},
  journal = {Spectrochimica Acta Part B},
  year = {2007},
  volume = {62},
  pages = {63--68},
  number = {1},
  month = jan
}

@ARTICLE{steinbrener_oe_2010,
  author = {Steinbrener, J and Nelson, J and Huang, X and Marchesini, S and Shapiro,
	D and Turner, J J and Jacobsen, Chris},
  title = {Data preparation and evaluation techniques for x-ray diffraction
	microscopy},
  journal = {Optics Express},
  year = {2010},
  volume = {18},
  pages = {18598--18614},
  number = {18}
}

@OTHER{ucar_2013,
  author = {UCAR},
  month = oct,
  title = {UDUNITS},
  url = {http://www.unidata.ucar.edu/software/udunits/},
  year = {2013}
}

@ARTICLE{vogt_jdp_2003,
  author = {Vogt, S},
  title = {{MAPS}: A set of software tools for analysis and visualization of
	{3D} X-ray fluorescence data sets},
  journal = {Journal de Physique IV},
  year = {2003},
  volume = {104},
  pages = {635--638}
}

@OTHER{OME-TIFF,
  author = {OME-TIFF},
  title = {The OME-TIFF format},
  url = {http://www.openmicroscopy.org/site/support/ome-model/ome-tiff/},
  year = {2013}
}

@OTHER{GeoTIFF,
  author = {GeoTIFF},
  title = {The GeoTIFF format},
  url = {http://trac.osgeo.org/geotiff/},
  year = {2013}
}

@OTHER{pdb,
  author = {pdb},
  title = {The pdb file format},
  url = {http://www.wwpdb.org/documentation/format33/v3.3.html},
  year = {2013}
}

@ARTICLE{mokso2010,
   author = "Mokso, Rajmund and Marone, Federica and Stampanoni, Marco",
   title = "Real Time Tomography at the Swiss Light Source",
   journal = "AIP Conference Proceedings",
   year = "2010",
   volume = "1234",
   number = "1", 
   pages = "87-90",
   url = "http://scitation.aip.org/content/aip/proceeding/aipcp/10.1063/1.3463356",
   doi = "http://dx.doi.org/10.1063/1.3463356" 
}

@article{donath2013,
author = {Donath, Tilman and Rissi, Michael and Billich, Heiner},
title = {Meeting Report: Workshop on Beamline Integration and Data Formatting},
journal = {Synchrotron Radiation News},
volume = {26},
number = {5},
pages = {34-35},
year = {2013},
doi = {10.1080/08940886.2013.832589},

URL = {http://www.tandfonline.com/doi/abs/10.1080/08940886.2013.832589},
eprint = {http://www.tandfonline.com/doi/pdf/10.1080/08940886.2013.832589}
}

@INPROCEEDINGS{rivers_spie_2012,
  author = {Rivers, Mark},
  title = {tomoRecon: High-speed tomography reconstruction on workstations using multi-threading},
  booktitle = {Developments in X-Ray Tomography VIII},
  year = {2012},
  volume = {8506},
  organization = {SPIE}
}

@OTHER{exelis_vis,
  author = {Exelis},
  title = {Exelis Visual Information Soultion},
  url = {http://www.exelisvis.com},
  year = {2014}
}

@OTHER{matlab,
  author = {MathWorks},
  title = {Matlab The Language of Technical Computing},
  url = {http://www.mathworks.com},
  year = {2014}
}

@OTHER{r,
  author = {R Foundation},
  title = {The R Project for Statistical Computing},
  url = {http://www.r-project.org/},
  year = {2014}
}

@OTHER{epics,
  author = {EPICS},
  title = {The Experimental Physics and Industrial Control System},
  url = {http://www.aps.anl.gov/epics/},
  year = {2014}
}

@OTHER{pyepics,
  author = {Matthew Newville},
  title = {PyEpics: Epics Channel Access for Python},
  url = {http://cars.uchicago.edu/software/python/pyepics3/},
  year = {2014}
}

